@article{example,
author = {Supervisor, A. and Student, B.},
journal = {Journal of Stuff},
pages = {1--10},
title = {{Example Reference}},
volume = {1},
year = {2016}
}
